<record><leader>00000cas a2200000 i 4500</leader><controlfield tag="001">993632572</controlfield><controlfield tag="008">170713c19239999utuwr n       0    0eng c</controlfield><datafield ind1=" " ind2=" " tag="010"><subfield code="a">  2017269365</subfield></datafield><datafield ind1=" " ind2=" " tag="040"><subfield code="a">UBY</subfield><subfield code="b">eng</subfield><subfield code="e">rda</subfield><subfield code="c">UBY</subfield><subfield code="d">UBY</subfield><subfield code="d">OCLCF</subfield></datafield><datafield ind1=" " ind2=" " tag="042"><subfield code="a">pcc</subfield></datafield><datafield ind1=" " ind2="4" tag="050"><subfield code="a">LD6501.S6</subfield><subfield code="b">S65</subfield></datafield><datafield ind1="0" ind2="4" tag="245"><subfield code="a">The snowdrift.</subfield></datafield><datafield ind1=" " ind2="1" tag="264"><subfield code="a">Ephraim, Utah :</subfield><subfield code="b">Student body of Snow College,</subfield><subfield code="c">1923-</subfield></datafield><datafield ind1=" " ind2=" " tag="300"><subfield code="a">volumes ;</subfield><subfield code="c">30 cm</subfield></datafield><datafield ind1=" " ind2=" " tag="310"><subfield code="a">Weekly.</subfield></datafield><datafield ind1=" " ind2=" " tag="336"><subfield code="a">text</subfield><subfield code="2">rdacontent</subfield></datafield><datafield ind1=" " ind2=" " tag="337"><subfield code="a">unmediated</subfield><subfield code="2">rdamedia</subfield></datafield><datafield ind1=" " ind2=" " tag="338"><subfield code="a">volume</subfield><subfield code="2">rdacarrier</subfield></datafield><datafield ind1=" " ind2=" " tag="500"><subfield code="a">"The official organ of the student body of Snow College."</subfield></datafield><datafield ind1=" " ind2=" " tag="588"><subfield code="a">Description based on Vol. V, no. 1 (August 27, 1928); title from title page.</subfield></datafield><datafield ind1=" " ind2=" " tag="588"><subfield code="a">Latest issue consulted: Vol. V, no. 24 (Wednesday, May 22, 1929)</subfield></datafield><datafield ind1="2" ind2="0" tag="610"><subfield code="a">Snow College (Ephraim, Utah)</subfield><subfield code="x">Students</subfield><subfield code="v">Newspapers.</subfield></datafield><datafield ind1="2" ind2="7" tag="610"><subfield code="a">Snow College (Ephraim, Utah)</subfield><subfield code="2">fast</subfield><subfield code="0">(OCoLC)fst00791117</subfield></datafield><datafield ind1=" " ind2="7" tag="650"><subfield code="a">Students.</subfield><subfield code="2">fast</subfield><subfield code="0">(OCoLC)fst01136041</subfield></datafield><datafield ind1=" " ind2="7" tag="655"><subfield code="a">Newspapers.</subfield><subfield code="2">fast</subfield><subfield code="0">(OCoLC)fst01423814</subfield></datafield></record>